@article{klein1928scattering,
  title={The scattering of light by free electrons according to Dirac's new relativistic dynamics},
  author={Klein, Oskar and Nishina, Yoshio},
  journal={Nature},
  volume={122},
  pages={398--399},
  year={1928}
}
